<?xml version="1.0" encoding="UTF-8"?><record xmlns="http://www.loc.gov/MARC21/slim" xmlns:cinclude="http://apache.org/cocoon/include/1.0" xmlns:zs="http://www.loc.gov/zing/srw/">
  <leader>00334nz  a2200121n  4500</leader>
  <controlfield tag="001">nr 99024802 </controlfield>
  <controlfield tag="003">DLC</controlfield>
  <controlfield tag="005">19990813153904.0</controlfield>
  <controlfield tag="008">990805n| acannaabn          |n ana     c</controlfield>
  <datafield tag="010" ind1=" " ind2=" ">
    <subfield code="a">nr 99024802 </subfield>
  </datafield>
  <datafield tag="040" ind1=" " ind2=" ">
    <subfield code="a">NN-PD</subfield>
    <subfield code="b">eng</subfield>
    <subfield code="c">NN-PD</subfield>
  </datafield>
  <datafield tag="110" ind1="2" ind2=" ">
    <subfield code="a">Yellow House Film Company</subfield>
  </datafield>
  <datafield tag="670" ind1=" " ind2=" ">
    <subfield code="a">Stomp out loud [VR] c1997:</subfield>
    <subfield code="b">credits (Yellow House Film Company)</subfield>
  </datafield>
</record>